@inproceedings{Cordts2016Cityscapes,
    title={The Cityscapes Dataset for Semantic Urban Scene Understanding},
    author={Cordts, Marius and Omran, Mohamed and Ramos, Sebastian and Rehfeld, Timo and Enzweiler, Markus and Benenson, Rodrigo and Franke, Uwe and Roth, Stefan and Schiele, Bernt},
    booktitle={Proc. of the IEEE Conference on Computer Vision and Pattern Recognition (CVPR)},
    year={2016}
}

@article{RonnebergerFB15,
    author    = {O. Ronneberger and P. Fischer and T. Brox},
    title     = {U-Net: Convolutional Networks for Biomedical Image Segmentation},
    journal   = {CoRR},
    volume    = {abs/1505.04597},
    year      = {2015},
    url       = {http://arxiv.org/abs/1505.04597},
    archivePrefix = {arXiv},
    eprint    = {1505.04597},
    timestamp = {Mon, 13 Aug 2018 16:46:52 +0200}
}

@misc{GH-Pytorch-UNet2018,
     author = {milesial},
     title = {U-Net: semantic segmentation with PyTorch},
     year = {2018},
     publisher = {GitHub},
     journal = {GitHub repository},
     howpublished = {\url{https://github.com/milesial/Pytorch-UNet}},
     commit = {7afb4b25ba5be0da8177ff3f49a8262a3e5f7498}
}

@misc{springenberg2014striving,
	title={Striving for Simplicity: The All Convolutional Net},
	author={Jost Tobias Springenberg and Alexey Dosovitskiy and Thomas Brox and Martin Riedmiller},
	year={2014},
	eprint={1412.6806},
	archivePrefix={arXiv},
	primaryClass={cs.LG}
}

@inproceedings{10.1145/1102351.1102422,
	author = {Mannor, Shie and Peleg, Dori and Rubinstein, Reuven},
	title = {The Cross Entropy Method for Classification},
	year = {2005},
	isbn = {1595931805},
	publisher = {Association for Computing Machinery},
	address = {New York, NY, USA},
	url = {https://doi.org/10.1145/1102351.1102422},
	doi = {10.1145/1102351.1102422},
	booktitle = {Proceedings of the 22nd International Conference on Machine Learning},
	pages = {561–568},
	numpages = {8},
	location = {Bonn, Germany},
	series = {ICML ’05}
}

@article{Kingma2015AdamAM,
	title={Adam: A Method for Stochastic Optimization},
	author={Diederik P. Kingma and Jimmy Ba},
	journal={CoRR},
	year={2015},
	volume={abs/1412.6980}
}

@article{Spilsbury2019DontID,
	title={Don't ignore Dropout in Fully Convolutional Networks},
	author={Thomas Spilsbury and Paavo Camps},
	journal={ArXiv},
	year={2019},
	volume={abs/1908.09162}
}

@article{DBLP:journals/corr/ChenBPMY15,
	author    = {Liang{-}Chieh Chen and
	Jonathan T. Barron and
	George Papandreou and
	Kevin Murphy and
	Alan L. Yuille},
	title     = {Semantic Image Segmentation with Task-Specific Edge Detection Using
	CNNs and a Discriminatively Trained Domain Transform},
	journal   = {CoRR},
	volume    = {abs/1511.03328},
	year      = {2015},
	url       = {http://arxiv.org/abs/1511.03328},
	archivePrefix = {arXiv},
	eprint    = {1511.03328},
	timestamp = {Mon, 13 Aug 2018 16:46:08 +0200},
	biburl    = {https://dblp.org/rec/journals/corr/ChenBPMY15.bib},
	bibsource = {dblp computer science bibliography, https://dblp.org}
}

@InProceedings{Li_2017_CVPR,
	author = {Li, Xiaoxiao and Liu, Ziwei and Luo, Ping and Change Loy, Chen and Tang, Xiaoou},
	title = {Not All Pixels Are Equal: Difficulty-Aware Semantic Segmentation via Deep Layer Cascade},
	booktitle = {The IEEE Conference on Computer Vision and Pattern Recognition (CVPR)},
	month = {July},
	year = {2017}
} 

@article{DBLP:journals/corr/abs-1708-07120,
	author    = {Leslie N. Smith and
	Nicholay Topin},
	title     = {Super-Convergence: Very Fast Training of Residual Networks Using Large
	Learning Rates},
	journal   = {CoRR},
	volume    = {abs/1708.07120},
	year      = {2017},
	url       = {http://arxiv.org/abs/1708.07120},
	archivePrefix = {arXiv},
	eprint    = {1708.07120},
	timestamp = {Mon, 13 Aug 2018 16:48:13 +0200},
	biburl    = {https://dblp.org/rec/journals/corr/abs-1708-07120.bib},
	bibsource = {dblp computer science bibliography, https://dblp.org}
}